=LDR  02294 am a2200553 i 4500
=001  019609304
=003  Uk
=005  20210714100915.0
=006  m\\\\||\\d\|\\\\\\
=007  cr\|||||||||||
=008  191017s2019\\\\lu\a\\\\\b\\\i000\0\eng\c
=FMT  \\$a  BK
=015  \\$aGBC032759$2bnb
=020  \\$a9789289719674
=035  \\$a(StEdALDL)1/3859584
=040  \\$aLU-LuOPE$beng$cLU-LuOPE$dUk$erda
=042  \\$aukscp
=110  2\$aEuropean Foundation for the Improvement of Living and Working Conditions,$eauthor,$eissuing body.
=245  10$aDigital age.$pPlatform work :$bmaximising the potential while safeguarding standards? /$cauthor: Irene Mandl.
=246  1\$iTitle for citations:$aPlatform work :$bmaximising the potential while safeguarding standards?
=264  \1$aLuxembourg :$bPublications Office of the European Union,$c[2019?]
=264  \4$c©2019
=300  \\$a20 pages :$billustrations (chiefly colour) ;$c25 cm.
=336  \\$atext$2rdacontent
=337  \\$aunmediated$2rdamedia
=338  \\$avolume$2rdacarrier
=490  1\$aPolicy brief
=500  \\$aTitle from cover.
=500  \\$a"TJ-AR-19-003-EN-C"--Back cover.
=500  \\$a"Research project: Employment and working conditions of selected types of platform work (170904)"--Inside front cover.
=504  \\$aIncludes bibliographical references (page 20).
=650  \0$aCasual labor$zEuropean Union countries$xData processing$xEvaluation.
=650  \0$aComputing platforms.
=650  \0$aEmployees$xRecruiting$zEuropean Union countries$xData processing$xEvaluation.
=650  \0$aLabor laws and legislation$zEuropean Union countries.
=655  \7$areport.$2EUROVOC
=700  1\$aMandl, Irene,$eauthor.
=830  \0$aPolicy brief (European Foundation for the Improvement of Living and Working Conditions)
=859  \\$aXLD$bEU Bookshop
=985  \\$aLDL record matched & merged
=CAT  \\$aBATCH-EUB$b00$c20191112$lBLL01$h0929
=CAT  \\$aBATCH-LDLE$b00$c20200302$lBLL01$h2124
=CAT  \\$c20200302$lBLL01$h2125
=CAT  \\$aBATCH-LDLL$b00$c20200302$lBLL01$h2126
=CAT  \\$aBATCH-LDL4$b00$c20200302$lBLL01$h2127
=CAT  \\$aBATCH-UPD$b00$c20200302$lBLL01$h2209
=CAT  \\$a8874$b40$c20210714$lBLL01$h1009
=SRC  \\$aOPOCE
=LAS  \\$a8874$b40$c20210714$lBLL01$h1009

