=LDR  02335 am a22004335i 4500
=001  016366534
=003  Uk
=005  20120720164500.0
=006  m\\\\||\\d\|\\\\\\
=007  cr\|||||||||||
=008  120720s2006\\\\lu\a\\\fo\\\\i000\0\eng\d
=FMT  \\$a  BK
=020  \\$z9282321207
=035  \\$a(LU-LuOPE)vtls000253553
=040  \\$aLU-LuOPE$beng$cLU-LuOPE$dUk$erda
=245  04$aThe synergy between EU cohesion policy and European Investment Bank activities.
=264  \1$aLuxembourg :$bPublications Office of the European Union,$c2006.
=300  \\$a1 online resource.
=336  \\$atext$2rdacontent
=337  \\$acomputer$2rdamedia
=338  \\$aonline resource$2rdacarrier
=500  \\$aManuscript completed in June 2006.
=504  \\$aBibl. : p. 67-70.
=520  \\$aThis groundbreaking study seeks to identify areas where further synergies could be developed between the European Investment Bank (EIB) and European Commission services, particularly the Directorate-General for Regional Policy (Regional Policy DG). Although these institutions pursue common objectives established by the European decision-making bodies, there are clear limits to synergies, as to their rationale and approaches tend to differ significantly in terms of the main characteristics of their retrospective instruments, implementation times, types of beneficiaries, schemes of deployment, project development and selection mechanisms. The study thus makes a series of recommendations designed to provide fresh input to future deliberations of the European Parliament.
=540  \\$aReproduction is authorised provided the source is acknowledged ;$bEuropean Communities.
=650  \7$aCohesion Fund.$2EUROVOC
=650  \7$aeconomic and social cohesion.$2EUROVOC
=650  \7$aEuropean Investment Bank.$2EUROVOC
=650  \7$aStructural Funds.$2EUROVOC
=650  \7$aeconomic cooperation.$2EUROVOC
=710  2\$aEuropean Parliament.$bDirectorate-General for Internal Policies of the Union
=710  2\$aSchuman Associates (Belgium)
=710  2\$aÖIR-Managementdienste GmbH (Austria)
=859  \\$aXLD$bEU Bookshop
=CAT  \\$aBATCH-EUB$b00$c20130509$lBLL01$h1803
=CAT  \\$aWR13.117$c20130719$lBLL01$h1707
=CAT  \\$aW1606-1753$c20171028$lBLL01$h1348
=SRC  \\$aOPOCE
=LAS  \\$aW1606-1753$b00$c20171028$lBLL01$h1348

