=LDR  02186 am a22004335i 4500
=001  016366639
=003  Uk
=005  20120717154000.0
=006  m\\\\||\\d\|\\\\\\
=007  cr\|||||||||||
=008  120717s2006\\\\lu\dab\fo\\\\i000\0\eng\d
=FMT  \\$a  BK
=020  \\$z9282321274
=035  \\$a(LU-LuOPE)vtls000253257
=040  \\$aLU-LuOPE$beng$cLU-LuOPE$dUk$erda
=245  00$aMultifunctionaity and the CAP :$bterritorial proposal.
=264  \1$aLuxembourg :$bPublications Office of the European Union,$c2006.
=300  \\$a1 online resource.
=336  \\$atext$2rdacontent
=337  \\$acomputer$2rdamedia
=338  \\$aonline resource$2rdacarrier
=500  \\$aManuscript completed in March 2005.
=504  \\$aBibl. : p. 25-26.
=520  \\$aThis study provides a territorial proposal for a future CAP applied in accordance with the multifunctionality principle. This would mean moving from an essentially sectoral to a more territorially oriented policy, in which measures are applied differentially in the existing types of rural areas and holdings. Among the advantages of the approach is the enhancement of the CAP's impact on territorial economic and social cohesion, and the compliance with the multilateral trade agreements on agriculture in place and under negotiation. The relevance of this proposal is enhanced by the realisation that the 2003 CAP will have to be overhauled again very soon.
=540  \\$aReproduction is authorised provided the source is acknowledged ;$bEuropean Communities.
=650  \7$acommon agricultural policy.$2EUROVOC
=650  \7$aEC trade agreement.$2EUROVOC
=650  \7$aeconomic and social cohesion.$2EUROVOC
=650  \7$asectoral planning.$2EUROVOC
=650  \7$aregional planning.$2EUROVOC
=650  \7$areform of the CAP.$2EUROVOC
=700  1\$aGonzalez Regidor, Jesús.
=710  2\$aEuropean Parliament.$bDirectorate-General for Internal Policies of the Union.
=859  \\$aXLD$bEU Bookshop
=CAT  \\$aBATCH-EUB$b00$c20130509$lBLL01$h1803
=CAT  \\$aWR13.117$c20130719$lBLL01$h1707
=CAT  \\$aW1606-1753$c20171028$lBLL01$h1348
=SRC  \\$aOPOCE
=LAS  \\$aW1606-1753$b00$c20171028$lBLL01$h1348

