=LDR  02018 am a22004215i 4500
=001  016366651
=003  Uk
=005  20150805092638.0
=006  m\\\\||\\d\|\\\\\\
=007  cr\|||||||||||
=008  120717s2006\\\\lu\a\\\fo\\\\i000\0\eng\d
=FMT  \\$a  BK
=020  \\$z9282321193
=035  \\$a(LU-LuOPE)vtls000253270
=040  \\$aLU-LuOPE$beng$cLU-LuOPE$dUk$erda
=245  00$aDigital platforms :$brisks and opportunities for European flim-makers.
=264  \1$aLuxembourg :$bPublications Office of the European Union,$c2006.
=300  \\$a1 online resource.
=336  \\$atext$2rdacontent
=337  \\$acomputer$2rdamedia
=338  \\$aonline resource$2rdacarrier
=500  \\$aManuscript completed in July 2006.
=520  \\$aThis study addresses the threats and opportunities offered to European film-makers by the direct delivery of films to consumers via the Internet, using broadband networks. It attempts to predict the evolution of the technology and market for direct delivery and provides advice to flm-makers on how to adapt to, and take advantage of, developments already underway. it concludes by providing the European Parliament with specific policy ideas. the study also includes opinions provided by stakeholders, including film production companies.
=540  \\$aReproduction is authorised provided the source is acknowledged ;$bEuropean Communities.
=650  \7$aaudiovisual industry.$2EUROVOC
=650  \7$adigital technology.$2EUROVOC
=650  \7$afilm production.$2EUROVOC
=650  \7$aInternet.$2EUROVOC
=650  \7$afilm industry.$2EUROVOC
=710  2\$aEuropean Parliament.$bDirectorate-General for Internal Policies of the Union
=710  2\$aDavid Graham & Associates.
=859  \\$aXLD$bEU Bookshop
=CAT  \\$aBATCH-EUB$b00$c20130509$lBLL01$h1803
=CAT  \\$aWR13.117$c20130719$lBLL01$h1707
=CAT  \\$a9666$b40$c20150805$lBLL01$h0926
=CAT  \\$aW1606-1753$c20171028$lBLL01$h1348
=SRC  \\$aOPOCE
=LAS  \\$aW1606-1753$b00$c20171028$lBLL01$h1348

