=LDR  02173 am a22004335i 4500
=001  016366662
=003  Uk
=005  20120717171900.0
=006  m\\\\||\\d\|\\\\\\
=007  cr\|||||||||||
=008  120717s2005\\\\lu\d\\\fo\\\\i000\0\eng\d
=FMT  \\$a  BK
=020  \\$z928232141X
=035  \\$a(LU-LuOPE)vtls000253273
=040  \\$aLU-LuOPE$beng$cLU-LuOPE$dUk$erda
=245  00$aStudent mobility in secondary and tertiary-level education and in vocational training (NATMOB).
=264  \1$aBrussels :$bEuropean Parliament,$c2005.
=300  \\$a1 online resource.
=336  \\$atext$2rdacontent
=337  \\$acomputer$2rdamedia
=338  \\$aonline resource$2rdacarrier
=500  \\$aManuscript completed in September 2005.
=504  \\$aBibl. : p. 43-44.
=520  \\$aEuropean policy papers stress the need to further improve the quantity and quality of overall international mobility in education. In this context, the study aims at providing up-to-date information on student mobility in secondary and tertiary level education and in vocational training. The study evaluates the extent of student mobility into and out of individual EU Member States. National measures to promote student mobility are analysed and compared with regard to their effectiveness and efficiency. Benchmarks for the assessment of national measures are supplied. Finally, the study formulates recommendations for an efficiency-oriented strategy to promote mobility.
=540  \\$aReproduction is authorised provided the source is acknowledged ;$bEuropean Communities.
=650  \7$ahigher education.$2EUROVOC
=650  \7$avocational education.$2EUROVOC
=650  \7$astudent mobility.$2EUROVOC
=650  \7$aeducation statistics.$2EUROVOC
=700  1\$aLanzendorf, Ute.
=700  1\$aTeichler, Ulrich.
=700  1\$aMurdoch, Jake.
=710  2\$aEuropean Parliament.$bDirectorate-General for Internal Policies of the Union.
=859  \\$aXLD$bEU Bookshop
=CAT  \\$aBATCH-EUB$b00$c20130509$lBLL01$h1803
=CAT  \\$aWR13.117$c20130719$lBLL01$h1707
=CAT  \\$aW1606-1753$c20171028$lBLL01$h1348
=SRC  \\$aOPOCE
=LAS  \\$aW1606-1753$b00$c20171028$lBLL01$h1348

