=LDR  02235cam a22004335i 4500
=001  016366873
=003  Uk
=005  20230215111129.0
=006  m\\\\||\\d\|\\\\\\
=007  cr\|||||||||||
=008  120725s2007\\\\lu\d\\\fo\\\\i000\0\eng\d
=FMT  \\$a  BK
=020  \\$z9789282323403
=035  \\$a(LU-LuOPE)vtls000253762
=040  \\$aLU-LuOPE$beng$cLU-LuOPE$dUk$erda
=245  00$aGender mainstreaming in the use of structural funding.
=264  \1$aBrussels :$bEuropean Parliament,$c2007.
=300  \\$a1 online resource.
=336  \\$atext$2rdacontent
=337  \\$acomputer$2rdamedia
=338  \\$aonline resource$2rdacarrier
=500  \\$aManuscript completed in May 2007.
=504  \\$aBibl. : p. 61-62.
=520  \\$aGender mainstreaming is a transversal dimension of the policy programming and implementation of all Structural Funds. The study outlines to what extent the gender mainstreaming has been taken into account in the 2000-2006 Structural Funds programming. Policy fields (and phases) where progress has been made and policy fields (and phases) where progress is still slow are highlighted. Major findings show that better results are achieved upstream the policy process, rather than the downstream at implementation level. Overall, much has been done to gather the necessary conditions for succesful gender mainstreaming over the 2007-2013 period. However, more could be done to translate broad and specific objectives into practice and effective actions.
=540  \\$aReproduction is authorised provided the source is acknowledged ;$bEuropean Communities.
=650  \7$aequality between men and women.$2EUROVOC
=650  \7$aStructural Funds.$2EUROVOC
=650  \7$afresh fish.$2EUROVOC
=650  \7$asexual discrimination.$2EUROVOC
=710  2\$aEuropean Parliament.$bDirectorate-General for Internal Policies of the Union
=710  2\$aCSIL, Milano
=710  2\$aIRS, Istituto per la Ricerca Sociale
=859  \\$aXLD$bEU Bookshop
=CAT  \\$aBATCH-EUB$b00$c20130509$lBLL01$h1803
=CAT  \\$aWR13.117$c20130719$lBLL01$h1707
=CAT  \\$aW1606-1753$c20171028$lBLL01$h1348
=CAT  \\$a8250$b40$c20230215$lBLL01$h1111
=SRC  \\$aOPOCE
=LAS  \\$a8250$b40$c20230215$lBLL01$h1111

