=LDR  02077 am a22004575i 4500
=001  016366874
=003  Uk
=005  20120725160700.0
=006  m\\\\||\\d\|\\\\\\
=007  cr\|||||||||||
=008  120725s2007\\\\lu\d\\\fo\\\\i000\0\eng\d
=FMT  \\$a  BK
=020  \\$z9789282323458
=035  \\$a(LU-LuOPE)vtls000253765
=040  \\$aLU-LuOPE$beng$cLU-LuOPE$dUk$erda
=245  00$aUsing sustainable and renewable energies in the context of the structural policy 2007-2013.
=264  \1$aBrussels :$bEuropean Parliament,$c2007.
=300  \\$a1 online resource.
=336  \\$atext$2rdacontent
=337  \\$acomputer$2rdamedia
=338  \\$aonline resource$2rdacarrier
=500  \\$aManuscript completed in June 2007.
=504  \\$aBibl. : p. 61-62.
=520  \\$aThis study analyses the role of sustainable and renewable energies in the 2000-2006 Structural Funds programming period, by focusing on the different Member States' Operational Programmes and on examples of good practice. It also reports the main measures relating to sustainable and renewable energies presented in the National Strategic Reference frameworks and describes a series of proposals intended to increase the use of Structural Funds to promote sustainable and renewable energies in the context of the 2007-2013 period.
=540  \\$aReproduction is authorised provided the source is acknowledged ;$bEuropean Communities.
=650  \7$astructural policy.$2EUROVOC
=650  \7$arenewable energy.$2EUROVOC
=650  \7$aenergy crisis.$2EUROVOC
=650  \7$apolitical programme.$2EUROVOC
=650  \7$atransport policy.$2EUROVOC
=650  \7$aresearch policy.$2EUROVOC
=710  2\$aEuropean Parliament.$bDirectorate-General for Internal Policies of the Union
=710  2\$aGruppo Soges
=710  2\$aEurofocus
=710  2\$aERAC
=859  \\$aXLD$bEU Bookshop
=CAT  \\$aBATCH-EUB$b00$c20130509$lBLL01$h1803
=CAT  \\$aWR13.117$c20130719$lBLL01$h1707
=CAT  \\$aW1606-1753$c20171028$lBLL01$h1348
=SRC  \\$aOPOCE
=LAS  \\$aW1606-1753$b00$c20171028$lBLL01$h1348

