=LDR  01091 as a22003615i 4500
=001  016368881
=003  Uk
=005  20130412084100.0
=006  m\\\\||\\d\|\\\\\\
=007  cr\|||||||||||
=008  020808s1993\\\\lu\ar0p\o\\\\i0\\\a|eng\d
=FMT  \\$a  SE
=020  \\$z1685433X
=035  \\$a(LU-LuOPE)vtls000208598
=040  \\$aLU-LuOPE$beng$cLU-LuOPE$dUk$erda
=110  2\$aUEcopyright.
=245  10$aAnnual report... :$bInstitute for Transuranium Elements /
=246  13$aITU annual report...
=264  \1$aLuxembourg :$bEUR-OP.
=336  \\$atext$2rdacontent
=337  \\$acomputer$2rdamedia
=338  \\$aonline resource$2rdacarrier
=490  0\$aEUR
=650  \7$aJoint Research Centre.$2EUROVOC
=651  \7$aGermany.$2EUROVOC
=655  \7$aannual report.$2EUROVOC
=710  2\$aEuropean Commission.$bJoint Research Centre.
=859  \\$aXLD$bEU Bookshop
=CAT  \\$aBATCH-EUB$b00$c20130509$lBLL01$h1804
=CAT  \\$aWR13.117$c20130719$lBLL01$h1708
=CAT  \\$aW1606-1753$c20171028$lBLL01$h1349
=SRC  \\$aOPOCE
=LAS  \\$aW1606-1753$b00$c20171028$lBLL01$h1349

