=LDR  01379nam a22003255i 4500
=001  021045849
=003  Uk
=005  20230505170009.0
=006  m\\\\||\\d\|\\\\\\
=007  cr\|||||||||||
=008  230421s2023\\\\xx\\\\\go\\\\i000\0\eng\d
=FMT  \\$a  BK
=020  \\$a9789294827098
=024  7\$a10.2839/710295$2doi
=035  \\$a(LU-LuOPE)vtls000555861
=040  \\$aLU-LuOPE$beng$cLU-LuOPE$dUk
=041  0\$aeng
=084  \\$aSocial policy$2LU-LuOPE
=245  00$aWho is eligible for parental leave in Austria?
=264  \1$aLuxembourg :$bPublications Office of the European Union,
=300  \\$a1 online resource
=336  \\$atext$2rdacontent
=337  \\$acomputer$2rdamedia
=338  \\$aonline resource$2rdacarrier
=520  \\$aParental leave is granted to parents, usually after maternity and paternity leave, allowing mothers and fathers to take care of their young children without losing their jobs. Such a policy exists in all EU Member States and in Austria it is called Elternkarenz. The policy design and eligibility rules vary across the EU and not all women and men in the EU are eligible for parental leave.
=540  \\$aReproduction is authorised provided the source is acknowledged ;$bEuropean Ins
=859  \\$aXLD$bEU Bookshop
=CAT  \\$aBATCH-EUB$b00$c20230505$lBLL01$h1700
=SRC  \\$aOPOCE
=LAS  \\$aBATCH-EUB$b00$c20230505$lBLL01$h1700

